<record><leader>00000cas a22000007a 4500</leader><controlfield tag="001">17740796</controlfield><controlfield tag="008">880406d19181923iauwr ne      0    0eng d</controlfield><datafield ind1=" " ind2=" " tag="010"><subfield code="a">sn 88059535 </subfield></datafield><datafield ind1=" " ind2=" " tag="040"><subfield code="a">INP</subfield><subfield code="b">eng</subfield><subfield code="c">INP</subfield><subfield code="d">OCLCQ</subfield></datafield><datafield ind1=" " ind2=" " tag="042"><subfield code="a">msc</subfield></datafield><datafield ind1="0" ind2="4" tag="245"><subfield code="a">The Grundy County dispatch.</subfield></datafield><datafield ind1=" " ind2=" " tag="260"><subfield code="a">Grundy Center, Iowa :</subfield><subfield code="b">W.H. Conrad and L.A. Nichols,</subfield><subfield code="c">1918-1923.</subfield></datafield><datafield ind1=" " ind2=" " tag="300"><subfield code="a">6 v.</subfield></datafield><datafield ind1=" " ind2=" " tag="310"><subfield code="a">Weekly</subfield></datafield><datafield ind1="0" ind2=" " tag="362"><subfield code="a">Vol. 22, no. 14 (June 27, 1918)-v. 27, no. 6 (Apr. 26, 1923).</subfield></datafield><datafield ind1=" " ind2=" " tag="500"><subfield code="a">Publisher varies.</subfield></datafield><datafield ind1=" " ind2=" " tag="752"><subfield code="a">United States</subfield><subfield code="b">Iowa</subfield><subfield code="c">Grundy</subfield><subfield code="d">Grundy Center.</subfield></datafield><datafield ind1="0" ind2="0" tag="780"><subfield code="t">Grundy Democrat</subfield><subfield code="w">(DLC)sn 88059534</subfield></datafield><datafield ind1="0" ind2="7" tag="785"><subfield code="t">Grundy Republican</subfield><subfield code="w">(DLC)sn 88059539</subfield></datafield><datafield ind1="0" ind2="7" tag="785"><subfield code="t">Grundy register</subfield><subfield code="w">(DLC)sn 88059528</subfield></datafield></record>